%% This BibTeX bibliography file was created using BibDesk.
%% http://bibdesk.sourceforge.net/


%% Created for Jason Bryer at 2012-02-12 11:45:41 -0500 


%% Saved with string encoding Unicode (UTF-8) 



@article{PSAgraphics,
	Author = {J. Helmreich and R.M. Pruzek},
	Journal = {Journal of Statistical Software},
	Number = {6},
	Title = {PSAgraphics: An R package to Support Propensity Score Analysis},
	Volume = {29},
	Year = {2009}}

@article{thoemmes2009,
	Author = {F.J. Thoemmes and S.G. West},
	Journal = {Multivariate Behavioral Research},
	Number = {46},
	pages={514--543},
	Title = {The use of propensity scores for nonrandomized designs with clustered data},
	Volume = {29},
	Year = {2009}}

@misc{pisa,
	Author = "{Organization for Economic Co-operation and Development}",
	Title = "{Programme for International Student AssessmentAnalysis}",
	url = "http://dx.doi.org/10.1787/9789264095298-en",
	Year = {2009}}

